
@article{boer05,
author = {K. Boer and de Bruin A. and Kaymak U.},
year = {2005},
title = {On the Design of Artificial Stock Markets},
journal = {IDEAS Working Paper Series from RePEc},
}

-- Examples:
@BOOK{All87,
  title = {Computer Simulation of Liquids},
  publisher = {Oxford University Press Inc.},
  year = {1987},
  author = {M. P. Allen and D. J. Tildesley},
  address = {New York},
  isbn = {0-19-855645-4},
}

@ARTICLE{Bag56,
  author = {R. A. Bagnold},
  title = {The flow of cohesionless grains in fluids},
  journal = {Philosophical Transactions of the Royal Society of London. Series
	A, Mathematical and Physical Sciences},
  year = {1956},
  volume = {249},
  pages = {235--297},
  number = {964},
}

@ARTICLE{Bag54,
  author = {R. A. Bagnold},
  title = {Experiments on a gravity-free dispersion of large solid spheres in
	a {N}ewtonian fluids under shear},
  journal = {Proceedings of the Royal Society of London. Series A, Mathematical
	and Physical Sciences},
  year = {1954},
  volume = {225},
  pages = {49--63},
  number = {1160},
}

@BOOK{Bag41,
  title = {The physics of blown sand and desert dunes},
  publisher = {William Morrow \& Co.},
  year = {1941},
  author = {R. A. Bagnold},
  address = {New York},
}

@ARTICLE{Bak87,
  author = {P. Bak and C. Tang and K. Wiesenfeld},
  title = {Self-organized criticality: {A}n explanation of the 1/f noise},
  journal = {Physical Review Letters},
  year = {1987},
  volume = {59},
  pages = {381--384},
  number = {4},
}

@ARTICLE{Bar05,
  author = {Baran, O. and Kondic, L.},
  title = {Velocity profiles, stresses, and Bagnold scaling of sheared granular
	system in zero gravity},
  journal = {Physics of Fluids},
  year = {2005},
  volume = {17},
  pages = {073304},
  number = {7},
  keywords = {PLANE COUETTE-FLOW; FORCE FLUCTUATIONS; BOUNDARY-CONDITIONS; COMPUTER-SIMULATIONS;
	BEAD PACKS; PARTICLES; SPHERES; SMOOTH; TENSOR; FLAT},
  owner = {ritvanen},
  timestamp = {2005.10.20},
}

@ARTICLE{Bax93,
  author = {G. W. Baxter and R. Leone and R. P. Behringer},
  title = {Experimental Test of Time Scales in Flowing Sand},
  journal = {Europhysics Letters},
  year = {1993},
  volume = {21},
  pages = {569--574},
  number = {5},
}

@ARTICLE{Biz98,
  author = {C. Bizon and M. D. Shattuck and J. B. Swift and W. D. McCormick and
	H. L. Swinney},
  title = {Patterns in 3{D} Vertically Oscillated Granular Layers: Simulation
	and Experiment},
  journal = {Physical Review Letters},
  year = {1998},
  volume = {80},
  pages = {57--60},
  number = {1},
}

@ARTICLE{Bof99,
  author = {G. Boffetta and V. Garbone and P. Giuliani and P. Veltri and A. Vulpiani},
  title = {Power Laws in Solar Flares: {S}elf-Organized Criticality or Turbulence\?},
  journal = {Physical Review Letters},
  year = {1999},
  volume = {83},
  pages = {4662--4665},
  number = {22},
}

@BOOK{Boh98,
  title = {Dynamical Systems Approach to Turbulence},
  publisher = {Cambridge University Press},
  year = {1998},
  author = {T. Bohr and M. H. Jensen and G. Paladin and A. Vulpiani},
  isbn = {0521475147},
}

@ARTICLE{Bru03,
  author = {Brujic, J. and Edwards, S. F. and Grinev, D. V. and Hopkinson, I.
	and Brujic, D. and Makse, H. A.},
  title = {3D bulk measurements of the force distribution in a compressed emulsion
	system},
  journal = {Faraday Discussions},
  year = {2003},
  volume = {123},
  pages = {207--220},
  owner = {ritvanen},
  timestamp = {2006.02.06},
}

@ARTICLE{Cam84,
  author = {C. S. Campbell},
  title = {Computer simulation of granular shear flows},
  journal = {Journal of Fluid Mechanics},
  year = {1985},
  volume = {151},
  pages = {167--188},
}

@ARTICLE{Cat98,
  author = {Cates, M. E. and Wittmer, J. P. and Bouchaud, J. P. and Claudin,
	P.},
  title = {Jamming, force chains, and fragile matter},
  journal = {Physical Review Letters},
  year = {1998},
  volume = {81},
  pages = {1841--1844},
  number = {9},
  owner = {ritvanen},
  timestamp = {2006.02.08},
}

@ARTICLE{Cla98,
  author = {Claudin, P. and Bouchaud, J. P. and Cates, M. E. and Wittmer, J.
	P.},
  title = {Models of stress fluctuations in granular media},
  journal = {Physical Review E},
  year = {1998},
  volume = {57},
  pages = {4441--4457},
  number = {4},
  owner = {ritvanen},
  timestamp = {2006.02.06},
}

@ARTICLE{Cou73,
  author = {C. A. Coulomb},
  title = {Essay on the rules of {M}aximis and {M}inimis applied to some problems
	of equilibrium related to architecture},
  journal = {Memoir de Math?matique et de Physique},
  year = {1773},
  volume = {70},
  pages = {343},
}

@ARTICLE{Cun79,
  author = {P. A. Cundall and O.D.L. Strack},
  title = {A discrete numerical model for granular assemblies},
  journal = {G?otechnique},
  year = {1979},
  volume = {29},
  pages = {47--65},
  number = {1},
  owner = {ritvanen},
  timestamp = {2006.02.06},
}

@ARTICLE{Dal01,
  author = {F. Dalton and D. Corcoran},
  title = {Self-organized criticality in a sheared granular stick-slip system},
  journal = {Physical Review E},
  year = {2001},
  volume = {63},
  pages = {061312--061315},
  number = {6},
}

@INPROCEEDINGS{Dal05,
  author = {F. Dalton and A. Petri and G. Pontuale},
  title = {Stress fluctuations and the solid/fluid transition in a sheared granular
	bed},
  booktitle = {Powders and Grains},
  year = {2005},
  editor = {R. Garc?a-Rojo and H.J. Herrmann and S. McNamara},
  date = {Stuttgart, Germany, Jun. 18-22, 2005},
  pages = {353--355},
  owner = {ritvanen},
  timestamp = {2006.02.06},
}

@ARTICLE{Dan05,
  author = {Daniels, K. E. and Behringer, R. P.},
  title = {Hysteresis and competition between disorder and crystallization in
	sheared and vibrated granular flow},
  journal = {Physical Review Letters},
  year = {2005},
  volume = {94},
  pages = {168001},
  number = {16},
  owner = {ritvanen},
  timestamp = {2006.02.06},
}

@ARTICLE{Dre72,
  author = {A. Drescher and G. de Joselin de Jong},
  title = {Photoelastic verification of a mechanical model for the flow of a
	granular material},
  journal = {Journal of the Mechanics and Physics of Solids},
  year = {1972},
  volume = {20},
  pages = {337--340},
  number = {5},
}

@BOOK{Dur00,
  title = {Sands, {P}owders, and {G}rains: {a}n introduction to the physics
	of granular materials},
  publisher = {Springer-Verlag, Inc.},
  year = {2000},
  author = {J. Duran},
  address = {New York},
  isbn = {0-387-98656-1},
}

@ARTICLE{Edw03,
  author = {Edwards, S. F. and Grinev, D. V.},
  title = {Statistical mechanics of granular materials: stress propagation and
	distribution of contact forces},
  journal = {Granular Matter},
  year = {2003},
  volume = {4},
  pages = {147--153},
  number = {4},
  owner = {ritvanen},
  timestamp = {2006.02.06},
}

@ARTICLE{Edw05,
  author = {S.F. Edwards},
  title = {The full canonical ensemble of a granular system},
  journal = {Physica A},
  year = {2005},
  volume = {353},
  pages = {114--118},
  owner = {ritvanen},
  timestamp = {2006.02.06},
}

@ARTICLE{Eri02,
  author = {J. M. Erikson and N. W. Mueggenburg and H. M. Jaeger and S. R. Nagel},
  title = {Force distributions in three-dimensional compressible granular packs},
  journal = {Physical Review E},
  year = {2002},
  volume = {66},
  pages = {040301},
}

@ARTICLE{Far92,
  author = {M. Farge},
  title = {Wavelet transforms and their applications to turbulence},
  journal = {Annual Review of Fluid Mechanics},
  year = {1992},
  volume = {24},
  pages = {395--457},
}

@ARTICLE{Gol04,
  author = {Goldenberg, C. and Goldhirsch, I.},
  title = {Small and large scale granular statics},
  journal = {Granular Matter},
  year = {2004},
  volume = {6},
  pages = {87--96},
  number = {2-3},
  owner = {ritvanen},
  timestamp = {2006.02.06},
}

@INPROCEEDINGS{Gol98,
  author = {I. Goldhirsch},
  title = {Kinetics and Dynamics of Rapid Granular Flows},
  booktitle = {Physics of Dry Granular Media},
  year = {1998},
  editor = {H. J. Hermann and J. P. Hovi and S. Luding},
  volume = {350},
  series = {NATO ASI Series E},
  pages = {371--400},
  publisher = {Kluver Academic Publishers},
}

@ARTICLE{Gol03,
  author = {I. Goldhirsch},
  title = {Rapid granular flows},
  journal = {Annual Review of Fluid Mechanics},
  year = {2003},
  volume = {35},
  pages = {267--293},
}

@ARTICLE{Han85,
  author = {D. M. Hanes and D. L. Inman},
  title = {Observations of rapidly flowing granular-fluid materials},
  journal = {Journal of Fluid Mechanics},
  year = {1985},
  volume = {150},
  pages = {357--380},
}

@ARTICLE{Hoo68,
  author = {W. G. Hoover and F. H. Ree},
  title = {Melting transition and communal entropy for hard spheres},
  journal = {Journal of Chemical Physics},
  year = {1968},
  volume = {49},
  pages = {3609--3618},
}

@ARTICLE{How99b,
  author = {Howell, D. and Behringer, R. P. and Veje, C.},
  title = {Stress fluctuations in a 2{D} granular {C}ouette experiment: {A}
	continuous transition},
  journal = {Physical Review Letters},
  year = {1999},
  volume = {82},
  pages = {5241--5244},
  number = {26},
  keywords = {FORCE FLUCTUATIONS; FLOWING SAND; BEAD PACKS; MODEL},
  owner = {ritvanen},
  timestamp = {2005.10.20},
}

@ARTICLE{How99a,
  author = {Howell, D. W. and Behringer, R. P. and Veje, C. T.},
  title = {Fluctuations in granular media},
  journal = {Chaos},
  year = {1999},
  volume = {9},
  pages = {559--572},
  number = {3},
  keywords = {STRESS FLUCTUATIONS; FORCE FLUCTUATIONS; FLOWING SAND; MODEL; GASES},
  owner = {ritvanen},
  timestamp = {2005.10.20},
}

@ARTICLE{Hsi05,
  author = {Hsiau, S. S. and Lu, L. S. and Chen, J. C. and Yang, W. L.},
  title = {Particle mixing in a sheared granular flow},
  journal = {International Journal of Multiphase Flow},
  year = {2005},
  volume = {31},
  pages = {793--808},
  number = {7},
  keywords = {SELF-DIFFUSION; SPHERICAL-PARTICLES; VELOCITY FLUCTUATIONS; INELASTIC
	SPHERES; STRESS TENSOR; SEGREGATION; SMOOTH},
  owner = {ritvanen},
  timestamp = {2005.10.24},
}

@ARTICLE{Hsi04,
  author = {S. S. Hsiau and W. L. Yang},
  title = {Transport property measurements in shear granular flows},
  journal = {Chemical Engineering Science},
  year = {2004},
  volume = {60},
  pages = {187--199},
}

@ARTICLE{Hwa89,
  author = {T. Hwa and M. Kardan},
  title = {Dissipative transport in open systems: {A}n investigation of self-organized
	criticality},
  journal = {Physical Review Letters},
  year = {1989},
  volume = {62},
  pages = {1813--1816},
  number = {16},
}

@ARTICLE{Jae96,
  author = {H. M. Jaeger and S. R. Nagel and R. P. Behringer},
  title = {Granular solids, liquids, and gases},
  journal = {Reviews of Modern Physics},
  year = {1996},
  volume = {68},
  pages = {1259--1273},
}

@ARTICLE{Jal04,
  author = {P. Jalali and M. Li},
  title = {An estimate of random close packing density in monodisperse hard
	spheres},
  journal = {Journal of Chemical Physics},
  year = {2004},
  volume = {120},
  pages = {1138--1139},
}

@ARTICLE{Jal03,
  author = {P. Jalali and M. Li and J. Ritvanen and P. Sarkomaa},
  title = {Intermittency of energy in rapid granular shear flows},
  journal = {Chaos},
  year = {2003},
  volume = {13},
  pages = {434--443},
}

@ARTICLE{Jal01,
  author = {P. Jalali and W. Polashenski and P. Zamankhan},
  title = {Pseudo-thermal cooling in a bounded system of viscoelastic hard-spheres},
  journal = {Physica A},
  year = {2001},
  volume = {297},
  pages = {421--433},
}

@ARTICLE{Jal02,
  author = {P. Jalali and W. jr. Polashenski and T. Tynj?l? and P. Zamankhan},
  title = {Particle interactions in a dense monosized granular flow},
  journal = {Physica D},
  year = {2002},
  volume = {162},
  pages = {188--207},
}

@ARTICLE{Jal05,
  author = {Jalali, P. and Ritvanen, J. and Sarkomaa, P.},
  title = {Transient and steady state behaviors of rapid granular shear flows},
  journal = {Experiments In Fluids},
  year = {2005},
  volume = {39},
  pages = {552--561},
  number = {3},
  keywords = {FLUCTUATIONS; PACKING; SPHERES},
  owner = {ritvanen},
  timestamp = {2005.10.20},
}

@PHDTHESIS{Jal00,
  author = {Payman Jalali},
  title = {Mass transfer and particle interactions in granular systems and suspension
	flows},
  school = {Lappeenranta University of Technology},
  year = {2000},
  address = {Espoo, Finland},
  owner = {ritvanen},
  timestamp = {2005.10.21},
}

@ARTICLE{Lat00,
  author = {Latzel, M. and Luding, S. and Herrmann, H. J.},
  title = {Macroscopic material properties from quasi-static, microscopic simulations
	of a two-dimensional shear-cell},
  journal = {Granular Matter},
  year = {2000},
  volume = {2},
  pages = {123--135},
  number = {3},
  owner = {ritvanen},
  timestamp = {2006.02.06},
}

@ARTICLE{Liu92,
  author = {C. H. Liu and S. R. Nagel},
  title = {Sound in sand},
  journal = {Physical Review Letters},
  year = {1992},
  volume = {68},
  pages = {2301-2304},
  number = {15},
}

@ARTICLE{Liu95,
  author = {C. H. Liu and S. R. Nagel and D. A. Schecter and S. N. Coppersmith
	and S. Majumdar and O. Narayan and T. A. Witten},
  title = {Force fluctuations in bead packs},
  journal = {Science},
  year = {1995},
  volume = {269},
  pages = {513--515},
}

@ARTICLE{Los01,
  author = {W. Losert and G. Kwon},
  title = {Transient and steady-state dynamics of granular shear flows},
  journal = {Advances in Complex systems},
  year = {2001},
  volume = {4},
  pages = {369--377},
  number = {4},
  owner = {ritvanen},
  timestamp = {2006.02.08},
}

@ARTICLE{Lou94,
  author = {Louge, M. Y.},
  title = {Computer-Simulations Of Rapid Granular Flows Of Spheres Interacting
	With A Flat, Frictional Boundary},
  journal = {Physics of Fluids},
  year = {1994},
  volume = {6},
  pages = {2253--2269},
  number = {7},
  keywords = {SHEAR FLOWS; CIRCULAR DISKS; CHUTE FLOWS; ANTIGRANULOCYTES FLOWS;
	ELASTIC SPHERES; SMOOTH; STRESS; FLUID; VELOCITY; SURFACE},
  owner = {ritvanen},
  timestamp = {2005.10.21},
}

@ARTICLE{Lun94,
  author = {Lun, C. K. K. and Bent, A. A.},
  title = {Numerical-Simulation Of Inelastic Frictional Spheres In Simple Shear-Flow},
  journal = {Journal of Fluid Mechanics},
  year = {1994},
  volume = {258},
  pages = {335--353},
  keywords = {GRANULAR FLOW; STRESS CALCULATIONS; KINETIC-THEORY; METAL POWDERS;
	ASSEMBLIES; PARTICLES; COMPUTER; DISKS; DENSE; ROUGH},
  owner = {ritvanen},
  timestamp = {2005.10.21},
}

@ARTICLE{Maj05,
  author = {Majmudar, T. S. and Behringer, R. P.},
  title = {Contact force measurements and stress-induced anisotropy in granular
	materials},
  journal = {Nature},
  year = {2005},
  volume = {435},
  pages = {1079--1082},
  number = {7045},
  owner = {ritvanen},
  timestamp = {2006.02.06},
}

@ARTICLE{Mel04,
  author = {Melrose, J. R. and Ball, R. C.},
  title = {"Contact networks" in continuously shear thickening colloids},
  journal = {Journal of Rheology},
  year = {2004},
  volume = {48},
  pages = {961--978},
  number = {5},
  owner = {ritvanen},
  timestamp = {2006.02.06},
}

@ARTICLE{Mil96,
  author = {B. Miller and C. O'Hern and R. B. Behringer},
  title = {Stress Fluctuations for Continuously Sheared Granular Materials},
  journal = {Physical Review Letters},
  year = {1996},
  volume = {77},
  pages = {3110--3113},
  number = {15},
}

@PHDTHESIS{Mil97,
  author = {B. J. Miller},
  title = {Stress fluctuations in continuously sheared granular media},
  school = {Duke University},
  year = {1997},
}

@ARTICLE{Mue03,
  author = {D. M. Mueth},
  title = {Measurements of particle dynamics in slow, dense granular {C}ouette
	flow},
  journal = {Physical Review E},
  year = {2003},
  volume = {67},
  pages = {011304},
}

@ARTICLE{Mue00,
  author = {D. M. Mueth and G. F. Debregeas and G. S. Karczmar and P. J. Eng
	and S. R. Nagel and H. M. Jaeger},
  title = {Signatures of granular microstructure in dense shear flows},
  journal = {Nature},
  year = {2000},
  volume = {406},
  pages = {385--389},
}

@PHDTHESIS{Nat97,
  author = {V. R. Natarajan},
  title = {Material and Thermal Transport in Vertical Granular Flows},
  school = {California Institute of Technology},
  year = {1997},
}

@ARTICLE{Now97,
  author = {E. R. Nowak and J. B. Knight and M. L. Povinelli and H. M. Jaeger
	and S. R. Nagel},
  title = {Reversibility and irreversibility in the packing of vibrated granular
	material},
  journal = {Powder Technology},
  year = {1997},
  volume = {94},
  pages = {79--83},
}

@ARTICLE{Okk01,
  author = {F. Okkels},
  title = {Temporal structures in shell models},
  journal = {Physical Review E},
  year = {2001},
  volume = {63},
  pages = {056214--056219},
  number = {5},
}

@ARTICLE{Ono90,
  author = {G. Y. Onoda and E. G. Liniger},
  title = {Random loose packings of uniform spheres and the dilatancy onset},
  journal = {Physical Review Letters},
  year = {1990},
  volume = {64},
  pages = {2727--2730},
}

@ARTICLE{Pet05,
  author = {J. F. Peters and M. Muthuswamy and J. Wibowo and A. Tordesillas},
  title = {Characterization of force chains in granular material},
  journal = {Physical Review E},
  year = {2005},
  volume = {72},
  pages = {041307},
  number = {4},
  owner = {ritvanen},
  timestamp = {2005.10.24},
}

@ARTICLE{Pla93,
  author = {N. Platt and E. A. Spiegel and C. Tresser},
  title = {On-off intermittency: {A} mechanism for bursting},
  journal = {Physical Review Letters},
  year = {1993},
  volume = {70},
  pages = {279--282},
  number = {3},
}

@ARTICLE{Qui74,
  author = {T. I. Quickenden and G. K. Tan},
  title = {Random packing in two dimensions and the structure of monolayers},
  journal = {Journal of Colloid Interface Science},
  year = {1974},
  volume = {48},
  pages = {382--393},
}

@ARTICLE{Rad96,
  author = {F. Radjai and M. Jean and J. J. Moreau and S. Roux},
  title = {Force Distributions in Dense Two-Dimensional Granular Systems},
  journal = {Physical Review Letters},
  year = {1996},
  volume = {77},
  pages = {274--277},
  number = {2},
}

@ARTICLE{Rey85,
  author = {O. Reynolds},
  title = {On the dilatancy of media composed of rigid particles in contact},
  journal = {Philosophical Magazine},
  year = {1885},
  volume = {20},
  pages = {469--481},
}

@ARTICLE{Rin96,
  author = {M. D. Rintoul and S. Torquato},
  title = {Metastability and crystallization in hard-sphere systems},
  journal = {Physical Review Letters},
  year = {1996},
  volume = {77},
  pages = {4198--4201},
}

@INPROCEEDINGS{Rit06,
  author = {Ritvanen, J. and Jalali, P. and Sarkomaa, P.},
  title = {Time-dependent and steady-state characteristics of rapid granular
	shear flows},
  booktitle = {Fifth World Congress on Particle Technology},
  year = {2006},
  date = {Orlando, USA, Apr. 23-27, 2006},
  organization = {AIChe},
  note = {CD},
  owner = {ritvanen},
  timestamp = {2006.05.08},
}

@INCOLLECTION{Sav92,
  author = {S. B. Savage},
  title = {Numerical simulation of Couette flow of granular materials; spatiotemporal
	coherence and 1/f noise},
  booktitle = {Physics of Granular Media},
  publisher = {Nova Science Publishers},
  year = {1992},
  editor = {D. Bideau and J. A. Dodds},
  series = {Les Houches Series},
}

@ARTICLE{Sav98,
  author = {S. B. Savage},
  title = {Analyses of slow high-concentration flows of granular materials},
  journal = {Journal of Fluid Mechanics},
  year = {1998},
  volume = {377},
  pages = {1--26},
}

@ARTICLE{Sav93,
  author = {Savage, S. B. and Dai, R.},
  title = {Studies Of Granular Shear Flowswall Slip Velocities, Layering And
	Self-Diffusion},
  journal = {Mechanics of Materials},
  year = {1993},
  volume = {16},
  pages = {225--238},
  number = {1-2},
  owner = {ritvanen},
  timestamp = {2005.10.21},
}

@ARTICLE{Sav84,
  author = {S. B. Savage and M. Sayed},
  title = {Stresses developed by dry cohesionless granular material sheared
	in an annular shear cell},
  journal = {Journal of Fluid Mechanics},
  year = {1984},
  volume = {142},
  pages = {391--430},
}

@ARTICLE{Sch98,
  author = {T. Schwager and T. P?schel},
  title = {Coefficient of normal restitution of viscous particles and cooling
	rate of granular gases},
  journal = {Physical Review E},
  year = {1998},
  volume = {57},
  pages = {650--654},
  number = {1},
}

@ARTICLE{Sch99,
  author = {S. Sch?llmann},
  title = {Simulation of a two-dimansional shear cell},
  journal = {Physical Review E},
  year = {1999},
  volume = {59},
  pages = {889--899},
}

@ARTICLE{Tar02,
  author = {G. I. Tardos and S. McNamara and I. Talu},
  title = {Slow and intermediate flow of a frictional bulk powder in a {C}ouette
	geometry},
  journal = {Powder Technology},
  year = {2002},
  volume = {131},
  pages = {23--39},
}

@PHDTHESIS{Tsa04,
  author = {J. C. Tsai},
  title = {Evolution and internal dynamics of quasi-statically sheared granular
	flows},
  school = {University of Pennsylvania},
  year = {2004},
}

@ARTICLE{Tsa03,
  author = {J. C. Tsai and G. A. Voth and J. P. Collub},
  title = {Internal granular dynamics, shear induced crystallization, and compaction
	steps},
  journal = {Physical Review Letters},
  year = {2003},
  volume = {91},
  pages = {064301},
  number = {6},
}

@ARTICLE{Utt04,
  author = {Utter, B. and Behringer, R. P.},
  title = {Transients in sheared granular matter},
  journal = {European Physical Journal E},
  year = {2004},
  volume = {14},
  pages = {373--380},
  number = {4},
  owner = {ritvanen},
  timestamp = {2006.02.06},
}

@ARTICLE{Vej99,
  author = {Veje, C. T. and Howell, D. W. and Behringer, R. P.},
  title = {Kinematics of a two-dimensional granular Couette experiment at the
	transition to shearing},
  journal = {Physical Review E},
  year = {1999},
  volume = {59},
  pages = {739--745},
  number = {1},
  owner = {ritvanen},
  timestamp = {2005.10.20},
}

@ARTICLE{Wan96,
  author = {C. H. Wang and R. Jackson and S. Sundaresan},
  title = {Stability of bounded rapid shear flows of a granular material},
  journal = {Journal of Fluid Mechanics},
  year = {1996},
  volume = {308},
  pages = {31--62},
}

@ARTICLE{Zam99,
  author = {Pi. Zamankhan and T. Tynj?l? and W. Polashenski and Pa. Zamankhan
	and P. Sarkomaa},
  title = {Stress fluctuations in continuously sheared dense granular materials},
  journal = {Physical Review E},
  year = {1999},
  volume = {60},
  pages = {7149--7156},
  number = {6},
}

@MISC{De91,
  author = {P.G. {De Gennes}},
  title = {Soft Matter},
  howpublished = {Nobel Lecture},
  year = {1991},
  owner = {ritvanen},
  timestamp = {2006.02.06},
}
